@book{blazek2015computational,
  title={Computational fluid dynamics: principles and applications},
  author={Blazek, Jiri},
  year={2015},
  publisher={Butterworth-Heinemann}
}

@book{carlson2006millennium,
  title={The millennium prize problems},
  author={Carlson, James A and Jaffe, Arthur and Wiles, Andrew},
  year={2006},
  publisher={American Mathematical Soc.}
}

@book{versteeg2007introduction,
  title={An Introduction to Computational Fluid Dynamics: The Finite Volume Method},
  author={Versteeg, H.K. and Malalasekera, W.},
  isbn={9780131274983},
  lccn={95006736},
  url={https://books.google.ca/books?id=RvBZ-UMpGzIC},
  year={2007},
  publisher={Pearson Education Limited}
}

@book{schlichting1979aerodynamics,
  title={Aerodynamics of the Airplane},
  author={Schlichting, Hermann T and Truckenbrodt, Erich A},
  year={1979},
  publisher={McGraw-Hill Companies}
}

@misc{pope2001turbulent,
  title={Turbulent flows},
  author={Pope, Stephen B},
  year={2001},
  publisher={IOP Publishing}
}

@book{hirsch2007numerical,
  title={Numerical computation of internal and external flows: The fundamentals of computational fluid dynamics},
  author={Hirsch, Charles},
  year={2007},
  publisher={Butterworth-Heinemann}
}

@inproceedings{jameson1981numerical,
  title={Numerical solution of the Euler equations by finite volume methods using Runge Kutta time stepping schemes},
  author={Jameson, Antony and Schmidt, Wolfgang and Turkel, Eli},
  booktitle={14th fluid and plasma dynamics conference},
  pages={1259},
  year={1981}
}

@article{vonneumann1950method,
  title={A method for the numerical calculation of hydrodynamic shocks},
  author={VonNeumann, John and Richtmyer, Robert D},
  journal={Journal of applied physics},
  volume={21},
  number={3},
  pages={232--237},
  year={1950},
  publisher={AIP}
}

@phdthesis{nadarajah2003discrete,
  title={The discrete adjoint approach to aerodynamic shape optimization},
  author={Nadarajah, Siva Kumaran},
  year={2003},
  school={stanford university}
}

@inproceedings{jameson1983solution,
  title={Solution of the Euler equations for complex configurations},
  author={Jameson, Antony and Baker, Timothy},
  booktitle={6th Computational Fluid Dynamics Conference Danvers},
  pages={1929},
  year={1983}
}

@book{ferziger2012computational,
  title={Computational Methods for Fluid Dynamics},
  author={Ferziger, J.H. and Peric, M.},
  isbn={9783642560262},
  url={https://books.google.ca/books?id=BZnvCAAAQBAJ},
  year={2012},
  publisher={Springer Berlin Heidelberg}
}

@article{baliga1980new,
  title={A new finite-element formulation for convection-diffusion problems},
  author={Baliga, BR and Patankar, SV},
  journal={Numerical Heat Transfer},
  volume={3},
  number={4},
  pages={393--409},
  year={1980},
  publisher={Taylor \& Francis}
}

@article{baliga1983control,
  title={A control volume finite-element method for two-dimensional fluid flow and heat transfer},
  author={Baliga, BR and Patankar, SV},
  journal={Numerical Heat Transfer},
  volume={6},
  number={3},
  pages={245--261},
  year={1983},
  publisher={Taylor \& Francis}
}

@book{reddy2000finite,
  title={The Finite Element Method in Heat Transfer and Fluid Dynamics, Second Edition},
  author={Reddy, J.N. and Gartling, D.K.},
  isbn={9780849323553},
  lccn={00048638},
  series={Computational Mechanics and Applied Analysis},
  url={https://books.google.ca/books?id=bF8F1qPhq2kC},
  year={2000},
  publisher={Taylor \& Francis}
}

@article{schneider1987control,
  title={Control volume finite-element method for heat transfer and fluid flow using colocated variablesâ€”1. Computational procedure},
  author={Schneider, GE and Raw, MJ},
  journal={Numerical Heat Transfer, Part A Applications},
  volume={11},
  number={4},
  pages={363--390},
  year={1987},
  publisher={Taylor \& Francis}
}

@article{rhie1983numerical,
  title={Numerical study of the turbulent flow past an airfoil with trailing edge separation},
  author={Rhie, CM and Chow, W Li},
  journal={AIAA journal},
  volume={21},
  number={11},
  pages={1525--1532},
  year={1983}
}

@article{nordstrom2012weak,
  title={Weak and strong wall boundary procedures and convergence to steady-state of the Navier--Stokes equations},
  author={Nordstr{\"o}m, Jan and Eriksson, Sofia and Eliasson, Peter},
  journal={Journal of Computational Physics},
  volume={231},
  number={14},
  pages={4867--4884},
  year={2012},
  publisher={Elsevier}
}

@misc{tmr,
    author={Rumsey, Chris},
    title={Turbulence Modeling Resource},
    howpublished={\url{https://turbmodels.larc.nasa.gov}},
    note={Accessed: 2017-06-10}
}

@misc{tmrsa,
    author={Rumsey, Chris},
    title={The Spalart-Allmaras Turbulence Model},
    howpublished={\url{https://turbmodels.larc.nasa.gov/spalart.html}},
    note={Accessed: 2017-06-27}
}

@misc{wiki:vinci,
   author = "Wikimedia Commons",
   title = "File:Studies of Water passing Obstacles and falling.jpg --- Wikimedia Commons{,} the free media repository",
   year = "2017",
   url = "\url{https://commons.wikimedia.org/w/index.php?title=File:Studies_of_Water_passing_Obstacles_and_falling.jpg&oldid=239927287}",
   note = {Accessed: 2017-06-23}
}

@article{tucker2005computations,
  title={Computations of wall distances based on differential equations},
  author={Tucker, Paul G and Rumsey, Chris L and Spalart, Philippe R and Bartels, Robert B and Biedron, Robert T},
  journal={AIAA journal},
  volume={43},
  number={3},
  pages={539--549},
  year={2005}
}

@article{tucker2011hybrid,
  title={Hybrid Hamilton--Jacobi--Poisson wall distance function model},
  author={Tucker, PG},
  journal={Computers \& Fluids},
  volume={44},
  number={1},
  pages={130--142},
  year={2011},
  publisher={Elsevier}
}

@inproceedings{belyaev2015variational,
  title={On Variational and PDE-Based Distance Function Approximations},
  author={Belyaev, Alexander G and Fayolle, Pierre-Alain},
  booktitle={Computer Graphics Forum},
  volume={34},
  pages={104--118},
  year={2015},
  organization={Wiley Online Library}
}

@book{reddy2006introduction,
  title={An Introduction To The Finite Element Method},
  author={Reddy, J.N.},
  isbn={9780070530843},
  series={McGraw-Hill series in mechanical engineering},
  url={https://books.google.ca/books?id=DrsXnwEACAAJ},
  year={2006},
  publisher={McGraw-Hill}
}

@article{agard,
  title={NACA0012 Airfoil AGARD Advisory Report No. 138},
  author={Thibert, JJ and Granjacques, M and Ohman, LH},
  journal={Experimental Data Base for Computer Program Assessment},
  pages={A1--9},
  year={1979}
}

@article{morrison1998numerical,
  title={Numerical Study of Turbulence Model Predictions for the MD 30P/30N and NHLP-2D Three-Element Highlift Configurations},
  author={Morrison, Joseph H},
  year={1998},
  publisher={Citeseer}
}

@book{wilcox1998turbulence,
  title={Turbulence modeling for CFD},
  author={Wilcox, David C and others},
  volume={2},
  year={1998},
  publisher={DCW industries La Canada, CA}
}

@article{spalart1994one,
  title={A one equation turbulence model for aerodynamic flows},
  author={Spalart, Philipe R and Allmaras, Steven R and others},
  journal={RECHERCHE AEROSPATIALE-FRENCH EDITION-},
  pages={5--5},
  year={1994},
  publisher={ONERA OFFICE NATIONAL D'ETUDES ET RECHERCHES}
}

@book{munson2012fundamentals,
  title={Fundamentals of Fluid Mechanics, 7th Edition},
  author={Munson, B.R. and Rothmayer, A.P. and Okiishi, T.H.},
  isbn={9781118214596},
  lccn={2012012102},
  url={https://books.google.ca/books?id=GQMcAAAAQBAJ},
  year={2012},
  publisher={Wiley}
}

@article{rumsey2007apparent,
  title={Apparent transition behavior of widely-used turbulence models},
  author={Rumsey, Christopher L},
  journal={International Journal of Heat and Fluid Flow},
  volume={28},
  number={6},
  pages={1460--1471},
  year={2007},
  publisher={Elsevier}
}

@article{shur2000turbulence,
  title={Turbulence modeling in rotating and curved channels: assessing the Spalart-Shur correction},
  author={Shur, Michael L and Strelets, Michael K and Travin, Andrey K and others},
  journal={AIAA journal},
  volume={38},
  number={5},
  pages={784--792},
  year={2000}
}

@article{dacles1995numerical,
  title={Numerical/experimental study of a wingtip vortex in the near field},
  author={Dacles-Mariani, Jennifer and Zilliac, Gregory G and Chow, Jim S and Bradshaw, Peter},
  journal={AIAA journal},
  volume={33},
  number={9},
  pages={1561--1568},
  year={1995}
}

@article{dacles1999numerical,
  title={On numerical errors and turbulence modeling in tip vortex flow prediction},
  author={Dacles-Mariani, Jennifer and Kwak, Dochan and Zilliac, Gregory},
  journal={International journal for numerical methods in fluids},
  volume={30},
  number={1},
  pages={65--82},
  year={1999},
  publisher={Wiley Online Library}
}

@inproceedings{allmaras2012modifications,
  title={Modifications and clarifications for the implementation of the Spalart-Allmaras turbulence model},
  author={Allmaras, Steven R and Johnson, Forrester T},
  booktitle={Seventh international conference on computational fluid dynamics (ICCFD7)},
  pages={1--11},
  year={2012}
}

@article{thomas1949elliptic,
  title={Elliptic problems in linear differential equations over a network: Watson scientific computing laboratory},
  author={Thomas, L},
  journal={Columbia Univ., NY},
  year={1949}
}

@misc{nxflow,
    title={Simulating fluid flow for complex parts and assemblies},
    author={Siemens PLM},
    year={2013},
    url = "\url{https://www.plm.automation.siemens.com/en_us/Images/6639_tcm1023-4403.pdf}",
   note = {Accessed: 2017-06-27}
}
    